
% Monografia
% bibliográfica deste projeto

@article{tcc_edu,
    author = {Eduardo Henrique Sartor},
    title = {Estudo e projeto de um sistema fotovoltaico conectado à rede elétrica, utilizando lógica fuzzy},
    course = {Engenharia Eletrônica},
    pages = {107},
    address = {Pelotas},
    publisher = {Universidade Federal de Pelotas},
    year = {2019}
}

@article{tcc_signorini,
    author = {Felipe Borges Signorini},
    title = {Estudo e projeto de um microinversor aplicado a sistemas fotovoltaicos},
    course = {Engenharia Eletrônica},
    pages = {102},
    address = {Pelotas},
    publisher = {Universidade Federal de Pelotas},
    year = {2019}
}

@mastersthesis{ZANOTTI,
    author = {ZANOTTI, J. W},
    title = {Rastreador de máxima potência para sistemas fotovoltaicos utilizando o método da impedância característica de conversores estáticos.},
    course = {Mestrado em Engenharia Elétrica},
    pages = {248},
    address = {Florianópolis, Brasil},
    publisher = {Universidade Federal de Santa Catarina},
    year = {2014}
}

@mastersthesis{SEGUEL,
    author = {SEGUEL, J. I. L.},
    title = {Projeto de um sistema fotovoltaico autônomo de suprimento de energia usando técnica MPPT e controle digital.},
    course = {Mestrado em Engenharia Elétrica},
    pages = {222},
    address = {Belo Horizonte, Brasil},
    publisher = {Universidade Federal de Minas Gerais},
    year = {2009}
}

@article{Marion, 
  author = {B.  Marion}, 
  journal = {33rd IEEE Photovoltaic Specialists Conference}, 
  title = {Comparison of Predictive Models for Photovoltaic Module Performance}, 
  year = {2008},
  keywords={Predictive models;Photovoltaic systems;Solar power generation;Temperature;Power system modeling;Interpolation;Equations;Renewable energy resources;Laboratories;Power measurement}, 
  doi={10.1109/PVSC.2008.4922586}, 
  ISSN={0160-8371}, 
  month={Maio},
}

@article{pvlib, 
  author = {William F. Holmgren, Clifford W. Hansen and Mark A. Mikofski}, 
  journal = {Journal of Open Source Software}, 
  title = {pvlib python: a python package for modeling solar energy systems}, 
  year = {2018},
  doi={10.21105/joss.00884}, 
  month={Setembro},
}

@book{atlas2017,
  title = {Atlas Brasileiro de Energia Solar 2017},
  author={Pereira, Enio Bueno and Martins, Fernando Ramos and Gonçalves, André Rodrigues and Costa, Rodrigo Santos and Lima, Francisco J. Lopes de and Rüther, Ricardo and Abreu, Samuel Luna de and Tiepolo, Gerson Máximo and Pereira, Silvia Vitorino and Souza, Jefferson G. de},
  year={2017},
  pages = {80},
  edition   = {2a},
  address   = {São José dos Campo},
  url = {\url{http://urlib.net/rep/8JMKD3MGP3W34P/3PERDJE}},
  publisher={INPE}
}

@book{PALTRIDGE,
  title = {Radiative processes in meteorology and climatology},
  author={PALTRIDGE, G. W. and PLATT, C. M. R},
  year={1976},
  pages = {318},
  edition   = {6a},
  address   = {Amsterdam},
  publisher={Elsevier}
}

@book{VIANELLO,
  title = {Meteorologia básica e aplicações. S. L.},
  author={VIANELLO, R. L. and ALVES, A. R.},
  year={2013},
  pages = {448},
  edition   = {2a},
  address   = {Vicosa, MG},
  publisher={UFV}
}


@misc{nrel_role,
    author = {NREL},
    title = {The Role of Advancements in Solar Photovoltaic Efficiency, Reliability, and Costs},
    howpublished ={\url{https://www.nrel.gov/docs/fy16osti/65872.pdf}},
    site = {nrel.gov},
    access = {20 de março de 2021},
    year = {2016}
}

@misc{nrel,
    author = {NREL},
    title = {Glossary of solar radiation resource terms: National Renewable Energy Laboratory},
    howpublished ={\url{http://rredc.nrel.gov/solar/glossary/gloss_s.html}},
    site = {nrel.gov},
    access = {20 de março de 2021},
    year = {2000}
}

@misc{INMET,
    author = {INMET},
    title = {Normais Climatológicas do Brasil 1981‐2010},
    howpublished ={\url{https://clima.inmet.gov.br/NormaisClimatologicas/1961-1990/precipitacao_acumulada_mensal_anual}},
    site = {clima.inmet.gov.br},
    access = {20 de março de 2021},
    year = {2016}
}

@misc{nasa_sol,
    author = {NASA},
    title = {How Old Is the Sun},
    howpublished ={\url{https://spaceplace.nasa.gov/sun-age/en/}},
    site = {spaceplace.nasa.gov},
    access = {27 de março de 2021},
    year = {2020}
}

@misc{seia,
    author = {SEIA},
    title = {Photovoltaics},
    howpublished ={\url{https://www.seia.org/initiatives/photovoltaic}},
    site = {seia.org},
    access = {27 de março de 2021},
    year = {2020}
}

@misc{nortesulshop,
    author = {NORTESULSHOP},
    title = {Módulo / painel / placa Solar Fotovoltaica 270w BYD Policristalino},
    howpublished ={\url{https://www.nortesulshop.com.br/modulo-painel-placa-solar-fotovoltaica-270w-byd-policristalino}},
    site = {nortesulshop.com.br},
    access = {27 de março de 2021},
    year = {2020}
}

@misc{belllabs_photovoltaics,
    author = {Beatrice Companies, Inc},
    title = {The Solar Battery (Photovoltaics)},
    howpublished ={\url{https://www.nortesulshop.com.br/modulo-painel-placa-solar-fotovoltaica-270w-byd-policristalino}},
    site = {nortesulshop.com.br},
    access = {27 de março de 2021},
    year = {2000}
}

@misc{Solar_Gulf,
    author = {Solar Gulf},
    title = {HOW DO SOLAR PANELS WORK},
    howpublished ={\url{http://solar-gulf.com/2016/09/17/how-do-solar-panels-work/}},
    site = {solar-gulf.com},
    access = {27 de março de 2021},
    year = {2016}
}

@misc{Koppen,
    title = {Koppen’s climate classification map for Brazil},
    howpublished ={\url{https://www.schweizerbart.de/content/papers/download/82078}},
    author = {Alvares, Clayton Alcarde and  Stape, José Luiz and Sentelhas, Paulo Cesar and Gonçalves, José Leonardo de Moraes and Sparovek, Gerd},
    access = {21 de março de 2021},
    year = {2013}
}

@misc{neosolar,
    author = {NeoSolar},
    title = {SISTEMAS DE ENERGIA SOLAR FOTOVOLTAICA E SEUS COMPONENTES},
    howpublished ={\url{https://www.neosolar.com.br/aprenda/saiba-mais/sistemas-de-energia-solar-fotovoltaica-e-seus-componentes}},
    site = {neosolar.com.br},
    access = {21 de março de 2021},
    year = {2020}
}

@misc{wikipedia_human,
    title = {Timeline of human evolution},
    howpublished ={\url{https://en.wikipedia.org/wiki/Timeline_of_human_evolution}},
    author = {Wikipedia},
    access = {21 de março de 2021},
    year = {2020}
}

@misc{cleanenergyreviews,
    author = {CER},
    title = {Most Efficient Solar Panels 2021},
    howpublished ={\url{https://www.cleanenergyreviews.info/blog/most-efficient-solar-panels}},
    site = {cleanenergyreviews.info},
    access = {27 de março de 2021},
    year = {2021}
}

@misc{LG350Q1C,
    author = {LG},
    title = {Datasheet LG350Q1C-A5},
    howpublished ={\url{https://www.lg.com/us/business/download/resources/BT00002151/BT00002151_2830.pdf}},
    site = {lg.com},
    access = {27 de março de 2021},
    year = {2021}
}

@misc{Maxeon,
    author = {LG},
    title = {Datasheet Maxeon 3},
    howpublished ={\url{https://sunpower.maxeon.com/int/sites/default/files/2020-09/sp_mst_MAX3-400-395-390_ds_en_a4_mc4_1mcable_536423.pdf}},
    site = {sunpower.maxeon.com},
    access = {18 de abril de 2021},
    year = {2021}
}

@misc{romagnole,
    author = {Romagnole},
    title = {Estruturas para Módulos Fotovoltaicos},
    howpublished ={\url{https://www.romagnole.com.br/uploads/filemanager/produtos/1538676611951/download/br/Cat%C3%A1logo%20de%20Estrutura%20Solares.pdf}},
    site = {romagnole.com.br},
    access = {10 de abril de 2021},
    year = {2021}
}

@misc{romagnole_garagem,
    author = {romagnole},
    title = {Garagem Solar Tubular},
    howpublished ={\url{https://www.romagnole.com.br/uploads/filemanager/produtos/1531939057127/download/br/Manual_de_Instalacao_-_Laje_de_Concreto_RS_282_(Clamp_antigo).pdf}},
    site = {romagnole.com.br},
    access = {10 de abril de 2021},
    year = {2021}
}

@misc{romagnole_laje,
    author = {romagnole},
    title = {Suporte para Laje de Concreto e Telha Angular},
    howpublished ={\url{https://www.romagnole.com.br/uploads/filemanager/produtos/1531939057127/download/br/Manual_de_Instalacao_-_Laje_de_Concreto_RS_282_(Clamp_antigo).pdf}},
    site = {romagnole.com.br},
    access = {10 de abril de 2021},
    year = {2021}
}

@misc{skyshade,
    author = {skyshade},
    title = {Membranas tensas com filme fino},
    howpublished ={\url{https://www.skyshade.in/}},
    site = {skyshade.in},
    access = {10 de abril de 2021},
    year = {2021}
}

@misc{soliens,
    author = {soliens},
    title = {Energia Solar para condomínios},
    howpublished ={\url{https://www.soliens.com.br/blog/energia-fotovoltaica/energia-solar-para-condominios-saiba-como-funciona/}},
    site = {soliens.com.br},
    access = {10 de abril de 2021},
    year = {2021}
}

@misc{ecotelhasolar,
    author = {ecotelhasolar},
    title = {Telhas geradoras de energia},
    howpublished ={\url{https://ecotelhasolar.com.br/#nossoproduto}},
    site = {ecotelhasolar.com.br},
    access = {10 de abril de 2021},
    year = {2021}
}

@misc{pvilion,
    author = {pvilion},
    title = {Heavy duty solar canopy},
    howpublished ={\url{https://www.pvilion.com/wp-content/uploads/2020/12/Pvilion-Heavy-Duty-Solar-Canopy.pdf}},
    site = {vilion.com},
    access = {10 de abril de 2021},
    year = {2021}
}

@misc{portalsolar,
    author = {portalsolar},
    title = {Kit Energia Solar Fotovoltaica},
    howpublished ={\url{https://www.portalsolar.com.br/loja/produtos/kit-energia-solar-fotovoltaica-weg-5-17-kwp-garagem-solar-weg-g-00517-tri-345-161}},
    site = {vilion.com},
    access = {10 de abril de 2021},
    year = {2021}
}

@misc{industriahoje,
    author = {Industria Hoje},
    title = {Como funciona um carro elétrico?},
    howpublished ={\url{https://industriahoje.com.br/como-funciona-um-carro-eletrico}},
    site = {industriahoje.com.br},
    access = {10 de abril de 2021},
    year = {2021}
}

@misc{evdatabase,
    author = {Eficiência EV},
    title = {Como funciona um carro elétrico?},
    howpublished ={\url{https://ev-database.org}},
    site = {ev-database.org},
    access = {10 de abril de 2021},
    year = {2021}
}

@misc{webarcondicionado,
    author = {Web Arcondicionado},
    title = {Ranking das tarifas em R\$/kWh das capitais brasileiras},
    howpublished ={\url{https://www.webarcondicionado.com.br/tarifa-de-energia-eletrica-kwh-valores-e-ranking-cidades}},
    site = {webarcondicionado.com.br},
    access = {10 de abril de 2021},
    year = {2021}
}

@misc{agenciabrasil,
    author = {AgenciaBrasil},
    title = {Aumento da gasolina também causa impacto no preço do etanol},
    howpublished ={\url{https://agenciabrasil.ebc.com.br/economia/noticia/2021-03/aumento-da-gasolina-tambem-causa-impacto-no-preco-do-etanol}},
    site = {agenciabrasil.ebc.com.br},
    access = {10 de abril de 2021},
    year = {2021}
}

@misc{E-TRON,
    author = {AUDI},
    title = {Audi E-Tron},
    howpublished ={\url{https://www.audi.com.br/br/web/pt/models/e-tron/audi-e-tron.html}},
    site = {audi.com.br},
    access = {16 de abril de 2021},
    year = {2021}
}

@misc{BOLT,
    author = {CHEVROLET},
    title = {CHEVROLET BOLT},
    howpublished ={\url{https://www.chevrolet.com.br/eletrico/bolt-ev}},
    site = {chevrolet.com.br},
    access = {16 de abril de 2021},
    year = {2021}
}

@misc{LEAF,
    author = {NISSAN},
    title = {NISSAN LEAF},
    howpublished ={\url{https://www.nissan.com.br/veiculos/modelos/leaf.html}},
    site = {nissan.com.br},
    access = {16 de abril de 2021},
    year = {2021}
}

@misc{I-PACE,
    author = {JAGUAR},
    title = {JAGUAR I-PACE},
    howpublished ={\url{https://www.jaguarbrasil.com.br/jaguar-range/i-pace/index.html}},
    site = {jaguarbrasil.com.br},
    access = {16 de abril de 2021},
    year = {2021}
}

@misc{i3,
    author = {BMW},
    title = {BMW i3},
    howpublished ={\url{https://www.bmw.com.br/pt/all-models/bmw-i/i3/2017/visao-geral.html}},
    site = {bmw.com.br},
    access = {16 de abril de 2021},
    year = {2021}
}

@misc{KANGOO,
    author = {RENAULT},
    title = {RENAULT KANGOO},
    howpublished ={\url{https://www.renault.com.br/manuais/kangoo.html}},
    site = {renault.com.br},
    access = {16 de abril de 2021},
    year = {2021}
}

@misc{IEV40,
    author = {JAC},
    title = {JAC IEV 40},
    howpublished ={\url{https://www.jacmotors.com.br/veiculos/eletricos-detalhes/iev40}},
    site = {jacmotors.com.br},
    access = {16 de abril de 2021},
    year = {2021}
}

@misc{IEV20,
    author = {JAC},
    title = {JAC IEV 20},
    howpublished ={\url{https://www.jacmotors.com.br/veiculos/eletricos-detalhes/iev20}},
    site = {jacmotors.com.br},
    access = {16 de abril de 2021},
    year = {2021}
}

@misc{ZOE,
    author = {RENAULT},
    title = {RENAULT ZOE},
    howpublished ={\url{https://www.renault.com.br/veiculos-eletricos/zoe.html}},
    site = {renault.com.br},
    access = {16 de abril de 2021},
    year = {2021}
}

@misc{EQC,
    author = {MERCEDES-BENZ},
    title = {MERCEDES-BENZ EQC},
    howpublished ={\url{https://www2.mercedes-benz.com.br/passengercars/mercedes-benz-cars/models/eqc/explore.html}},
    site = {mercedes-benz.com.br},
    access = {16 de abril de 2021},
    year = {2021}
}

@misc{ev_conect_zap,
    author = {Zap Map},
    title = {EV connector types},
    howpublished ={\url{https://www.zap-map.com/charge-points/connectors-speeds/}},
    site = {zap-map.com},
    access = {16 de abril de 2021},
    year = {2021}
}

@misc{weg_estacao,
    author = {Weg},
    title = {LINHA DE PRODUTOS WEG AUTOMAÇÃO},
    howpublished ={\url{https://static.weg.net/medias/downloadcenter/h2e/hff/WEG-estacoes-de-recarga-de-veiculos-eletricos-WEMOB-50094133-pt.pdf}},
    site = {static.weg.net},
    access = {16 de abril de 2021},
    year = {2021}
}

@misc{electrek,
    author = {Electrek},
    title = {Audi E-TRON, carregamendo de 29 a 100 \% em uma estação de 150 kW de potencia},
    howpublished ={\url{https://electrek.co/2018/12/18/audi-e-tron-155-kw-fast-charge-rate}},
    site = {electrek.co},
    access = {16 de abril de 2021},
    year = {2021}
}

@misc{leandesign,
    author = {Munro & Associates},
    title = {Diagrama do sistema de resfriamento da bateria do Tesla Modelo 3},
    howpublished ={\url{https://leandesign.com}},
    site = {leandesign.com},
    access = {16 de abril de 2021},
    year = {2021}
}

@misc{evse,
    author = {EVSE},
    title = {Cabo adaptador EV Tipo 2 para Tipo 1},
    howpublished ={\url{https://evse.com.au/product/type-2-to-type-1-ev-adapter/
}},
    site = {evse.com.au},
    access = {16 de abril de 2021},
    year = {2021}
}

@misc{Eletropaulo,
    author = {Eletropaulo},
    title = {Solicitação de fornecimento de energia a sistemas de recarga de veículo elétrico},
    howpublished ={\url{https://www.eneldistribuicaosp.com.br/Comunicados%20tecnicos/Comunicado%20T%C3%A9cnico%2074%20-%20Ve%C3%ADculo%20El%C3%A9trico.pdf}},
    site = {eneldistribuicaosp.com.br},
    access = {16 de abril de 2021},
    year = {2021}
}

@misc{ren2018819,
    author = {Aneel},
    title = {Estabelece os procedimentos e as condições para a realização de atividades de recarga de veículos elétricos.},
    howpublished ={\url{http://www2.aneel.gov.br/cedoc/ren2018819.pdf}},
    site = {aneel.gov.br},
    access = {16 de abril de 2021},
    year = {2021}
}

@misc{uol_veiculos_consumo,
    author = {uol},
    title = {O consumo dos 5 carros mais vendidos setembro 2020.},
    howpublished ={\url{https://www.uol.com.br/carros/noticias/redacao/2020/10/02/ate-177-kml-veja-o-consumo-dos-5-carros-mais-vendidos-ate-setembro.htm}},
    site = {uol.com.br},
    access = {16 de abril de 2021},
    year = {2021}
}


@misc{byd_data,
    author = {BYD},
    title = {DATASHEET BYD P6C-30-Series},
    howpublished ={\url{https://www.buyers-world.nl/pdfs/byd/DATASHEET-BYD-275WP-POLY-BUYERWORLD-2018-2019.pdf}},
    site = {buyers-world.nl},
    access = {16 de abril de 2021},
    year = {2021}
}

@misc{vs,
    author = {Microsoft},
    title = {Visual Studio Vode},
    howpublished ={\url{https://code.visualstudio.com}},
    site = {code.visualstudio.com},
    access = {16 de abril de 2021},
    year = {2021}
}

@misc{gitpage,
    author = {GitHub},
    title = {GitHub Pages},
    howpublished ={\url{https://pages.github.com}},
    site = {pages.github.com},
    access = {16 de abril de 2021},
    year = {2021}
}

@misc{ABSOLAR,
    author = {ANEEL/ABSOLAR},
    title = {Panorama da energia solar fotovoltaica no Brasil e no mundo},
    howpublished ={\url{https://www.absolar.org.br/mercado/infografico}},
    site = {absolar.org.br},
    access = {28 de abril de 2021},
    year = {2021}
}
%https://www.absolar.org.br/wp-content/uploads/2021/04/

@misc{ANEEL_TARIFA,
    author = {ANEEL},
    title = {A Tarifa de Energia Elétrica},
    howpublished ={\url{https://www.aneel.gov.br/tarifas}},
    site = {aneel.gov.br},
    access = {30 de abril de 2021},
    year = {2021}
}

@misc{ANEEL_BANDEIRAS,
    author = {ANEEL},
    title = {Bandeiras Tarifárias},
    howpublished ={\url{https://www.aneel.gov.br/bandeiras-tarifarias}},
    site = {aneel.gov.br},
    access = {30 de abril de 2021},
    year = {2021}
}

@misc{CEEE_TARIFA,
    author = {CEEE},
    title = {Tarifas e Custos dos Serviços CEEE Vigentes a partir de 22/11/2020},
    howpublished ={\url{https://www.ceee.com.br/a-ceee/distribuicao-arquivos/folder-grupo-b_2020.pdf}},
    site = {ceee.com.br},
    access = {30 de abril de 2021},
    year = {2021}
}

@misc{Motorshow,
    author = {Motorshow},
    title = {Carros elétricos mais vendidos do Brasil em 2020},
    howpublished ={\url{https://motorshow.com.br/blog-sobre-rodas-carros-eletricos-mais-vendidos-do-brasil-em-2020-confira-o-ranking-e-veja-todos-os-eletricos-a-venda-hoje/}},
    site = {motorshow.com.br},
    access = {30 de abril de 2021},
    year = {2021}
}

@misc{EnergySage,
    author = {EnergySage},
    title = {String inverters vs. power optimizers vs. microinverters},
    howpublished ={\url{https://www.energysage.com/solar/101/string-inverters-microinverters-power-optimizers/}},
    site = {energysage.com},
    access = {07 de maio de 2021},
    year = {2021}
}

@misc{kippzonen,
    author = {KIPP and ZONEN},
    title = {Pyranometers},
    howpublished ={\url{https://www.kippzonen.com/ProductGroup/3/Pyranometers}},
    site = {kippzonen.com},
    access = {30 de maio de 2021},
    year = {2021}
}

@misc{sandia,
    author = {Sandia National Laboratories},
    title = {Photovoltaic Performance Modeling},
    howpublished ={\url{https://pvpmc.sandia.gov/modeling-steps/}},
    site = {pvpmc.sandia.gov},
    access = {30 de maio de 2021},
    year = {2021}
}

@misc{pvsyst,
    author = {PVsyst},
    title = {PVsyst photovoltaic software},
    howpublished ={\url{https://www.pvsyst.com/features/}},
    site = {pvsyst.com},
    access = {02 de junho de 2021},
    year = {2021}
}

@misc{PVWatts,
    author = {Aron P. Dobos},
    title = {PVWatts Version 5 Manual},
    howpublished ={\url{https://www.nrel.gov/docs/fy14osti/62641.pdf}},
    site = {nrel.gov},
    access = {03 de junho de 2021},
    year = {2014}
}

@misc{esri,
    author = {Esri},
    title = {GIS mapping software is the most powerful mapping \& spatial analytics technology},
    howpublished ={\url{https://www.esri.com/en-us/home}},
    site = {esri.com},
    access = {03 de junho de 2021},
    year = {2021}
}

@misc{Fenabrave,
    author = {Fenabrave},
    title = {Federação Nacional dos Distribuidores de Veículos Automotores},
    howpublished ={\url{http://www.fenabrave.org.br/portal}},
    site = {fenabrave.org.br},
    access = {29 de junho de 2021},
    year = {2021}
}

@misc{Earth,
    author = {Google},
    title = {Google Earth},
    howpublished ={\url{https://earth.google.com/}},
    site = {earth.google.com},
    access = {01 de novembro de 2021},
    year = {2021}
}

@misc{shoppingpelotas,
    author = {ShoppingPelotas},
    title = {ShoppingPelotas},
    howpublished ={\url{https://www.shoppingpelotas.com.br/shopping.asp}},
    site = {earth.google.com},
    access = {01 de novembro de 2021},
    year = {2021}
}